@article{james2015computer,
  title={Computer game play reduces intrusive memories of experimental trauma via reconsolidation-update mechanisms},
  author={James, Ella L and Bonsall, Michael B and Hoppitt, Laura and Tunbridge, Elizabeth M and Geddes, John R and Milton, Amy L and Holmes, Emily A},
  journal={Psychological science},
  volume={26},
  number={8},
  pages={1201--1215},
  year={2015},
  publisher={Sage Publications Sage CA: Los Angeles, CA}
}